@misc{ wiki:kmeans,
   author = "Wikipedia",
   title = "K-means clustering --- Wikipedia{,} The Free Encyclopedia",
   year = "2017",
   url = "\url{https://en.wikipedia.org/w/index.php?title=K-means_clustering&oldid=760396716}",
   note = "[Online; accessed 23-January-2017]"
 }